@article {Fer09,
    AUTHOR = {F\'{e}ray, Valentin},
     TITLE = {Combinatorial interpretation and positivity of {K}erov's
              character polynomials},
   JOURNAL = {J. Algebraic Combin.},
  FJOURNAL = {Journal of Algebraic Combinatorics. An International Journal},
    VOLUME = {29},
      YEAR = {2009},
    NUMBER = {4},
     PAGES = {473--507},
      ISSN = {0925-9899},
   MRCLASS = {05E10 (20C30)},
  MRNUMBER = {2506718},
MRREVIEWER = {Alexander I. Barvinok},
       DOI = {10.1007/s10801-008-0147-y},
       URL = {https://doi.org/10.1007/s10801-008-0147-y},
}
@article {DFS10,
    AUTHOR = {Do\l\k{e}ga, Maciej and F\'{e}ray, Valentin and \'{S}niady, Piotr},
     TITLE = {Explicit combinatorial interpretation of {K}erov character
              polynomials as numbers of permutation factorizations},
   JOURNAL = {Adv. Math.},
  FJOURNAL = {Advances in Mathematics},
    VOLUME = {225},
      YEAR = {2010},
    NUMBER = {1},
     PAGES = {81--120},
      ISSN = {0001-8708},
   MRCLASS = {05E10 (20C30)},
  MRNUMBER = {2669350},
MRREVIEWER = {Eric S. Egge},
       DOI = {10.1016/j.aim.2010.02.011},
       URL = {https://doi.org/10.1016/j.aim.2010.02.011},
}
@article {GR05,
    AUTHOR = {Goulden, I. P. and Rattan, A.},
     TITLE = {An explicit form for {K}erov's character polynomials},
   JOURNAL = {Trans. Amer. Math. Soc.},
  FJOURNAL = {Transactions of the American Mathematical Society},
    VOLUME = {359},
      YEAR = {2007},
    NUMBER = {8},
     PAGES = {3669--3685},
      ISSN = {0002-9947},
   MRCLASS = {20C30 (05A15 05E10)},
  MRNUMBER = {2302511},
MRREVIEWER = {Pavlo Pylyavskyy},
       DOI = {10.1090/S0002-9947-07-04311-5},
       URL = {https://doi.org/10.1090/S0002-9947-07-04311-5},
}
@article {Voi86,
    AUTHOR = {Voiculescu, Dan},
     TITLE = {Addition of certain noncommuting random variables},
   JOURNAL = {J. Funct. Anal.},
  FJOURNAL = {Journal of Functional Analysis},
    VOLUME = {66},
      YEAR = {1986},
    NUMBER = {3},
     PAGES = {323--346},
      ISSN = {0022-1236},
   MRCLASS = {46L50 (22E30)},
  MRNUMBER = {839105},
MRREVIEWER = {D. Petz},
       DOI = {10.1016/0022-1236(86)90062-5},
       URL = {https://doi.org/10.1016/0022-1236(86)90062-5},
}
@incollection {Spe93,
    AUTHOR = {Speicher, Roland},
     TITLE = {The lattice of admissible partitions},
 BOOKTITLE = {Quantum probability \& related topics},
    SERIES = {QP-PQ, VIII},
     PAGES = {347--352},
 PUBLISHER = {World Sci. Publ., River Edge, NJ},
      YEAR = {1993},
   MRCLASS = {05A18 (46L99 81S25)},
  MRNUMBER = {1258339},
MRREVIEWER = {Paul Jolissaint},
}
@article {Spe98,
    AUTHOR = {Speicher, Roland},
     TITLE = {Combinatorial theory of the free product with amalgamation and
              operator-valued free probability theory},
   JOURNAL = {Mem. Amer. Math. Soc.},
  FJOURNAL = {Memoirs of the American Mathematical Society},
    VOLUME = {132},
      YEAR = {1998},
    NUMBER = {627},
     PAGES = {x+88},
      ISSN = {0065-9266},
   MRCLASS = {46L50 (81S25)},
  MRNUMBER = {1407898},
MRREVIEWER = {Hari Bercovici},
       DOI = {10.1090/memo/0627},
       URL = {https://doi.org/10.1090/memo/0627},
}
@article {Voi91,
    AUTHOR = {Voiculescu, Dan},
     TITLE = {Limit laws for random matrices and free products},
   JOURNAL = {Invent. Math.},
  FJOURNAL = {Inventiones Mathematicae},
    VOLUME = {104},
      YEAR = {1991},
    NUMBER = {1},
     PAGES = {201--220},
      ISSN = {0020-9910},
   MRCLASS = {46L50 (60F99)},
  MRNUMBER = {1094052},
MRREVIEWER = {Sh. A. Ayupov},
       DOI = {10.1007/BF01245072},
       URL = {https://doi.org/10.1007/BF01245072},
}
@book {VDN92,
    AUTHOR = {Voiculescu, D. V. and Dykema, K. J. and Nica, A.},
     TITLE = {Free random variables},
    SERIES = {CRM Monograph Series},
    VOLUME = {1},
      NOTE = {A noncommutative probability approach to free products with
              applications to random matrices, operator algebras and
              harmonic analysis on free groups},
 PUBLISHER = {American Mathematical Society, Providence, RI},
      YEAR = {1992},
     PAGES = {vi+70},
      ISBN = {0-8218-6999-X},
   MRCLASS = {46L50 (46L10 47B80 60H99)},
  MRNUMBER = {1217253},
MRREVIEWER = {Roland Speicher},
       DOI = {10.1090/crmm/001},
       URL = {https://doi.org/10.1090/crmm/001},
}
@incollection {Bia03,
    AUTHOR = {Biane, Philippe},
     TITLE = {Characters of symmetric groups and free cumulants},
 BOOKTITLE = {Asymptotic combinatorics with applications to mathematical
              physics ({S}t. {P}etersburg, 2001)},
    SERIES = {Lecture Notes in Math.},
    VOLUME = {1815},
     PAGES = {185--200},
 PUBLISHER = {Springer, Berlin},
      YEAR = {2003},
   MRCLASS = {20C30 (05E10 46L54)},
  MRNUMBER = {2009840},
MRREVIEWER = {Burkhard K\"{u}lshammer},
       DOI = {10.1007/3-540-44890-X_8},
       URL = {https://doi.org/10.1007/3-540-44890-X_8},
}
@article {Sni06,
    AUTHOR = {\'{S}niady, Piotr},
     TITLE = {Asymptotics of characters of symmetric groups, genus expansion
              and free probability},
   JOURNAL = {Discrete Math.},
  FJOURNAL = {Discrete Mathematics},
    VOLUME = {306},
      YEAR = {2006},
    NUMBER = {7},
     PAGES = {624--665},
      ISSN = {0012-365X},
   MRCLASS = {20C30 (05A18 05E10 46L54)},
  MRNUMBER = {2215589},
MRREVIEWER = {Akihito Hora},
       DOI = {10.1016/j.disc.2006.02.004},
       URL = {https://doi.org/10.1016/j.disc.2006.02.004},
}

@article {Bia05,
    AUTHOR = {Biane, Philippe},
     TITLE = {On the formula of {G}oulden and {R}attan for {K}erov
              polynomials},
   JOURNAL = {S\'{e}m. Lothar. Combin.},
  FJOURNAL = {S\'{e}minaire Lotharingien de Combinatoire},
    VOLUME = {55},
      YEAR = {2005/07},
     PAGES = {Art. B55d, 5},
   MRCLASS = {05E10 (20C30)},
  MRNUMBER = {2264940},
MRREVIEWER = {Fabio Scarabotti},
}

@Unpublished{Mar21,
  AUTHOR = {Marciniak, Miko{\l}aj},
  NOTE   = {In preparation},
  TITLE  = {Square coefficients positivity of Goulden--Rattan polynomials},
  YEAR   = {2021},
}

@article {Sni19,
    AUTHOR = {\'{S}niady, Piotr},
     TITLE = {Asymptotics of {J}ack characters},
   JOURNAL = {J. Combin. Theory Ser. A},
  FJOURNAL = {Journal of Combinatorial Theory. Series A},
    VOLUME = {166},
      YEAR = {2019},
     PAGES = {91--143},
      ISSN = {0097-3165},
   MRCLASS = {05E05 (05E10 46L54)},
  MRNUMBER = {3921039},
MRREVIEWER = {Sho Matsumoto},
       DOI = {10.1016/j.jcta.2019.02.020},
       URL = {https://doi.org/10.1016/j.jcta.2019.02.020},
}

@article {Bia98,
    AUTHOR = {Biane, Philippe},
     TITLE = {Representations of symmetric groups and free probability},
   JOURNAL = {Adv. Math.},
  FJOURNAL = {Advances in Mathematics},
    VOLUME = {138},
      YEAR = {1998},
    NUMBER = {1},
     PAGES = {126--181},
      ISSN = {0001-8708},
   MRCLASS = {05E10 (20C30 46L54)},
  MRNUMBER = {1644993},
MRREVIEWER = {Dimitri Y. Shlyakhtenko},
       DOI = {10.1006/aima.1998.1745},
       URL = {https://doi.org/10.1006/aima.1998.1745},
}
